<?xml version="1.0" encoding="UTF-8"?>
<collection xmlns="http://www.loc.gov/MARC21/slim">
    <record>
        <leader>00000nz  a2200169   4500</leader>
        <controlfield tag="001">30080658</controlfield>
        <controlfield tag="003">RISM</controlfield>
        <controlfield tag="005">20160216</controlfield>
        <controlfield tag="008">160216n||az|||||||##########||||||||||||</controlfield>
        <datafield tag="040" ind1=" " ind2=" ">
            <subfield code="a">RCH-Sbnc</subfield>
        </datafield>
        <datafield tag="043" ind1=" " ind2=" ">
            <subfield code="c">XD-CL</subfield>
        </datafield>
        <datafield tag="110" ind1="2" ind2=" ">
            <subfield code="a">Biblioteca Nacional de Chile</subfield>
            <subfield code="c">Santiago</subfield>
            <subfield code="g">RCH-Sbnc</subfield>
        </datafield>
        <datafield tag="622" ind1=" " ind2=" ">
            <subfield code="e">Biblioteca Nacional de Chile, Avenida Libertador Bernardo O'Higgins,  651, 8320000 Santiago, Chile</subfield>
            <subfield code="u">http://www.bibliotecanacional.cl/615/w3-channel.html</subfield>
        </datafield>
    </record>