
    <record>
        <leader>00000nz  a2200169   4500</leader>
        <controlfield tag="001">30076526</controlfield>
        <controlfield tag="003">RISM</controlfield>
        <controlfield tag="005">20160216</controlfield>
        <controlfield tag="008">160216n||az|||||||##########||||||||||||</controlfield>
        <datafield tag="040" ind1=" " ind2=" ">
            <subfield code="a">RCH-Scm</subfield>
        </datafield>
        <datafield tag="043" ind1=" " ind2=" ">
            <subfield code="c">XD-CL</subfield>
        </datafield>
        <datafield tag="110" ind1="2" ind2=" ">
            <subfield code="a">Catedral Metropolitana, Archivo Musical</subfield>
            <subfield code="c">Santiago</subfield>
            <subfield code="g">RCH-Scm</subfield>
        </datafield>
        <datafield tag="622" ind1=" " ind2=" ">
            <subfield code="e">Catedral Metropolitana, Archivo Musical, Plaza de Armas, 8320000 Santiago, Chile</subfield>
        </datafield>
    </record>