
    <record>
        <leader>00000nz  a2200169   4500</leader>
        <controlfield tag="001">30080457</controlfield>
        <controlfield tag="003">RISM</controlfield>
        <controlfield tag="005">20160216</controlfield>
        <controlfield tag="008">160216n||az|||||||##########||||||||||||</controlfield>
        <datafield tag="040" ind1=" " ind2=" ">
            <subfield code="a">RCH-Spuc</subfield>
        </datafield>
        <datafield tag="043" ind1=" " ind2=" ">
            <subfield code="c">XD-CL</subfield>
        </datafield>
        <datafield tag="110" ind1="2" ind2=" ">
            <subfield code="a">Pontificia Universidad Cat칩lica de Chile, Bibliotecas</subfield>
            <subfield code="c">Santiago</subfield>
            <subfield code="g">RCH-Spuc</subfield>
        </datafield>
        <datafield tag="622" ind1=" " ind2=" ">
            <subfield code="e">Pontificia Universidad Cat칩lica de,  Chile, Bibliotecas, Direcci칩n oficinas centrales, Av. Vicu침a Mackenna 4860, 8320000 Santiago, Chile</subfield>
            <subfield code="u">http://www.uc.cl/es</subfield>
        </datafield>
    </record>
</collection>

